<record><leader>00000cas a2200000 a 4500</leader><controlfield tag="001">34201128</controlfield><controlfield tag="008">960216d1914193ufludn ne      0    0eng c</controlfield><datafield ind1=" " ind2=" " tag="010"><subfield code="a">sn 96027168 </subfield></datafield><datafield ind1=" " ind2=" " tag="040"><subfield code="a">FUG</subfield><subfield code="b">eng</subfield><subfield code="c">FUG</subfield><subfield code="d">OCLCQ</subfield><subfield code="d">OCLCF</subfield><subfield code="d">OCLCO</subfield></datafield><datafield ind1=" " ind2=" " tag="012"><subfield code="i">9602</subfield></datafield><datafield ind1="1" ind2=" " tag="029"><subfield code="a">AU@</subfield><subfield code="b">000025919388</subfield></datafield><datafield ind1=" " ind2=" " tag="042"><subfield code="a">pcc</subfield></datafield><datafield ind1=" " ind2=" " tag="043"><subfield code="a">n-us-fl</subfield></datafield><datafield ind1="0" ind2=" " tag="130"><subfield code="a">Fort Myers press (Fort Myers, Fla. : 1914)</subfield></datafield><datafield ind1="1" ind2="4" tag="245"><subfield code="a">The Fort Myers press.</subfield></datafield><datafield ind1=" " ind2=" " tag="260"><subfield code="a">Fort Myers, Fla. :</subfield><subfield code="b">J.M. Callahan,</subfield><subfield code="c">1914-</subfield></datafield><datafield ind1=" " ind2=" " tag="300"><subfield code="a">v.</subfield></datafield><datafield ind1=" " ind2=" " tag="310"><subfield code="a">Daily (except Sunday)</subfield></datafield><datafield ind1="0" ind2=" " tag="362"><subfield code="a">Vol. 4, no. 25 (Apr. 13, 1914)-</subfield></datafield><datafield ind1=" " ind2=" " tag="580"><subfield code="a">Weekly eds: Fort Myers weekly press, Apr.-May, 1914; Weekly press (Fort Myers, Fla.), &lt;June 1914&gt;.</subfield></datafield><datafield ind1=" " ind2=" " tag="588"><subfield code="a">Latest issue consulted: Vol. 47, no. 105 (May 30, 1931).</subfield></datafield><datafield ind1=" " ind2="0" tag="651"><subfield code="a">Fort Myers (Fla.)</subfield><subfield code="v">Newspapers.</subfield></datafield><datafield ind1=" " ind2="0" tag="651"><subfield code="a">Lee County (Fla.)</subfield><subfield code="v">Newspapers.</subfield></datafield><datafield ind1=" " ind2="7" tag="655"><subfield code="a">Newspapers.</subfield><subfield code="2">fast</subfield><subfield code="0">(OCoLC)fst01423814</subfield></datafield><datafield ind1=" " ind2="7" tag="651"><subfield code="a">Florida</subfield><subfield code="z">Fort Myers.</subfield><subfield code="2">fast</subfield><subfield code="0">(OCoLC)fst01214194</subfield></datafield><datafield ind1=" " ind2="7" tag="651"><subfield code="a">Florida</subfield><subfield code="z">Lee County.</subfield><subfield code="2">fast</subfield><subfield code="0">(OCoLC)fst01202773</subfield></datafield><datafield ind1=" " ind2=" " tag="752"><subfield code="a">United States</subfield><subfield code="b">Florida</subfield><subfield code="c">Lee</subfield><subfield code="d">Fort Myers.</subfield></datafield><datafield ind1="1" ind2=" " tag="775"><subfield code="t">Fort Myers weekly press</subfield><subfield code="w">(DLC)sn 96027165</subfield><subfield code="w">(OCoLC)1379248</subfield></datafield><datafield ind1="1" ind2=" " tag="775"><subfield code="t">Weekly press (Fort Myers, Fla.)</subfield><subfield code="w">(DLC)sn 96027166</subfield><subfield code="w">(OCoLC)34201126</subfield></datafield><datafield ind1="0" ind2="0" tag="780"><subfield code="t">Fort Myers daily press</subfield><subfield code="w">(DLC)sn 96027167</subfield><subfield code="w">(OCoLC)34201127</subfield></datafield><datafield ind1="0" ind2="7" tag="785"><subfield code="t">Fort Myers tropical news</subfield><subfield code="w">(DLC)sn 96027169</subfield><subfield code="w">(OCoLC)34201129</subfield></datafield><datafield ind1="0" ind2="7" tag="785"><subfield code="t">Fort Myers news-press</subfield><subfield code="w">(DLC)sn 89071211</subfield><subfield code="w">(OCoLC)1379240</subfield></datafield><datafield ind1=" " ind2=" " tag="850"><subfield code="a">FU</subfield></datafield></record>